[{"success": true, "message": "Order processed", "data": {"id": 47599152085900, "orderType": "BUY", "price": 10.0, "quantity": 1, "timestamp": 1729101057742}}, {"success": true, "message": "Order processed", "data": {"id": 47599111595400, "orderType": "SELL", "price": 5.0, "quantity": 1, "timestamp": 1729101057698}}, {"success": true, "message": "Order processed", "data": {"id": 47599148272400, "orderType": "BUY", "price": 10.0, "quantity": 1, "timestamp": 1729101057738}}, {"success": true, "message": "Order processed", "data": {"id": 47599114555800, "orderType": "SELL", "price": 5.0, "quantity": 1, "timestamp": 1729101057698}}, {"success": true, "message": "Order processed", "data": {"id": 47599134795200, "orderType": "BUY", "price": 10.0, "quantity": 1, "timestamp": 1729101057718}}, {"success": true, "message": "Order processed", "data": {"id": 47599121407700, "orderType": "BUY", "price": 10.0, "quantity": 1, "timestamp": 1729101057711}}, {"success": true, "message": "Order processed", "data": {"id": 47599113026600, "orderType": "BUY", "price": 10.0, "quantity": 1, "timestamp": 1729101057698}}, {"success": true, "message": "Order processed", "data": {"id": 47599183875400, "orderType": "BUY", "price": 10.0, "quantity": 1, "timestamp": 1729101057773}}, {"success": true, "message": "Order processed", "data": {"id": 47599106012100, "orderType": "BUY", "price": 10.0, "quantity": 1, "timestamp": 1729101057695}}, {"success": true, "message": "Order processed", "data": {"id": 47599132841100, "orderType": "BUY", "price": 10.0, "quantity": 1, "timestamp": 1729101057718}}, {"success": true, "message": "Order processed", "data": {"id": 47599119080700, "orderType": "BUY", "price": 10.0, "quantity": 1, "timestamp": 1729101057708}}, {"success": true, "message": "Order processed", "data": {"id": 47599173602500, "orderType": "SELL", "price": 5.0, "quantity": 1, "timestamp": 1729101057761}}, {"success": true, "message": "Order processed", "data": {"id": 47599158569000, "orderType": "BUY", "price": 10.0, "quantity": 1, "timestamp": 1729101057748}}, {"success": true, "message": "Order processed", "data": {"id": 47599114596200, "orderType": "BUY", "price": 10.0, "quantity": 1, "timestamp": 1729101057698}}, {"success": true, "message": "Order processed", "data": {"id": 47599179609300, "orderType": "SELL", "price": 5.0, "quantity": 1, "timestamp": 1729101057768}}, {"success": true, "message": "Order processed", "data": {"id": 47599123943700, "orderType": "SELL", "price": 5.0, "quantity": 1, "timestamp": 1729101057711}}, {"success": true, "message": "Order processed", "data": {"id": 47599137670200, "orderType": "BUY", "price": 10.0, "quantity": 1, "timestamp": 1729101057728}}, {"success": true, "message": "Order processed", "data": {"id": 47599122636100, "orderType": "BUY", "price": 10.0, "quantity": 1, "timestamp": 1729101057711}}, {"success": true, "message": "Order processed", "data": {"id": 47599133969400, "orderType": "SELL", "price": 5.0, "quantity": 1, "timestamp": 1729101057718}}, {"success": true, "message": "Order processed", "data": {"id": 47599141301600, "orderType": "BUY", "price": 10.0, "quantity": 1, "timestamp": 1729101057728}}, {"success": true, "message": "Order processed", "data": {"id": 47599122801500, "orderType": "SELL", "price": 5.0, "quantity": 1, "timestamp": 1729101057711}}, {"success": true, "message": "Order processed", "data": {"id": 47599118373300, "orderType": "BUY", "price": 10.0, "quantity": 1, "timestamp": 1729101057708}}, {"success": true, "message": "Order processed", "data": {"id": 47599113030400, "orderType": "SELL", "price": 5.0, "quantity": 1, "timestamp": 1729101057698}}, {"success": true, "message": "Order processed", "data": {"id": 47599138701100, "orderType": "BUY", "price": 10.0, "quantity": 1, "timestamp": 1729101057728}}, {"success": true, "message": "Order processed", "data": {"id": 47599162807400, "orderType": "SELL", "price": 5.0, "quantity": 1, "timestamp": 1729101057748}}, {"success": true, "message": "Order processed", "data": {"id": 47599119144300, "orderType": "SELL", "price": 5.0, "quantity": 1, "timestamp": 1729101057708}}, {"success": true, "message": "Order processed", "data": {"id": 47599173589900, "orderType": "BUY", "price": 10.0, "quantity": 1, "timestamp": 1729101057761}}, {"success": true, "message": "Order processed", "data": {"id": 47599105994600, "orderType": "SELL", "price": 5.0, "quantity": 1, "timestamp": 1729101057695}}, {"success": true, "message": "Order processed", "data": {"id": 47599106010100, "orderType": "BUY", "price": 10.0, "quantity": 1, "timestamp": 1729101057695}}, {"success": true, "message": "Order processed", "data": {"id": 47599130712100, "orderType": "SELL", "price": 5.0, "quantity": 1, "timestamp": 1729101057718}}, {"success": true, "message": "Order processed", "data": {"id": 47599146143100, "orderType": "SELL", "price": 5.0, "quantity": 1, "timestamp": 1729101057728}}, {"success": true, "message": "Order processed", "data": {"id": 47599164513300, "orderType": "BUY", "price": 10.0, "quantity": 1, "timestamp": 1729101057756}}, {"success": true, "message": "Order processed", "data": {"id": 47599106641100, "orderType": "SELL", "price": 5.0, "quantity": 1, "timestamp": 1729101057698}}, {"success": true, "message": "Order processed", "data": {"id": 47599131049700, "orderType": "SELL", "price": 5.0, "quantity": 1, "timestamp": 1729101057718}}, {"success": true, "message": "Order processed", "data": {"id": 47599145045300, "orderType": "BUY", "price": 10.0, "quantity": 1, "timestamp": 1729101057728}}, {"success": true, "message": "Order processed", "data": {"id": 47599116854700, "orderType": "BUY", "price": 10.0, "quantity": 1, "timestamp": 1729101057708}}, {"success": true, "message": "Order processed", "data": {"id": 47599172167700, "orderType": "BUY", "price": 10.0, "quantity": 1, "timestamp": 1729101057761}}, {"success": true, "message": "Order processed", "data": {"id": 47599180516700, "orderType": "SELL", "price": 5.0, "quantity": 1, "timestamp": 1729101057768}}, {"success": true, "message": "Order processed", "data": {"id": 47599155915300, "orderType": "SELL", "price": 5.0, "quantity": 1, "timestamp": 1729101057742}}, {"success": true, "message": "Order processed", "data": {"id": 47599142141900, "orderType": "BUY", "price": 10.0, "quantity": 1, "timestamp": 1729101057728}}, {"success": true, "message": "Order processed", "data": {"id": 47599141192100, "orderType": "SELL", "price": 5.0, "quantity": 1, "timestamp": 1729101057728}}, {"success": true, "message": "Order processed", "data": {"id": 47599164346300, "orderType": "SELL", "price": 5.0, "quantity": 1, "timestamp": 1729101057756}}, {"success": true, "message": "Order processed", "data": {"id": 47599137670100, "orderType": "SELL", "price": 5.0, "quantity": 1, "timestamp": 1729101057728}}, {"success": true, "message": "Order processed", "data": {"id": 47599122729900, "orderType": "BUY", "price": 10.0, "quantity": 1, "timestamp": 1729101057711}}, {"success": true, "message": "Order processed", "data": {"id": 47599194859300, "orderType": "BUY", "price": 10.0, "quantity": 1, "timestamp": 1729101057778}}, {"success": true, "message": "Order processed", "data": {"id": 47599194216100, "orderType": "SELL", "price": 5.0, "quantity": 1, "timestamp": 1729101057778}}, {"success": true, "message": "Order processed", "data": {"id": 47599121509200, "orderType": "SELL", "price": 5.0, "quantity": 1, "timestamp": 1729101057711}}, {"success": true, "message": "Order processed", "data": {"id": 47599194935200, "orderType": "SELL", "price": 5.0, "quantity": 1, "timestamp": 1729101057778}}, {"success": true, "message": "Order processed", "data": {"id": 47599143627700, "orderType": "SELL", "price": 5.0, "quantity": 1, "timestamp": 1729101057728}}, {"success": true, "message": "Order processed", "data": {"id": 47599106326400, "orderType": "BUY", "price": 10.0, "quantity": 1, "timestamp": 1729101057695}}, {"success": true, "message": "Order processed", "data": {"id": 47599145944000, "orderType": "BUY", "price": 10.0, "quantity": 1, "timestamp": 1729101057728}}, {"success": true, "message": "Order processed", "data": {"id": 47599123943300, "orderType": "BUY", "price": 10.0, "quantity": 1, "timestamp": 1729101057711}}, {"success": true, "message": "Order processed", "data": {"id": 47599129390900, "orderType": "BUY", "price": 10.0, "quantity": 1, "timestamp": 1729101057718}}, {"success": true, "message": "Order processed", "data": {"id": 47599122717400, "orderType": "SELL", "price": 5.0, "quantity": 1, "timestamp": 1729101057711}}, {"success": true, "message": "Order processed", "data": {"id": 47599109623600, "orderType": "BUY", "price": 10.0, "quantity": 1, "timestamp": 1729101057698}}, {"success": true, "message": "Order processed", "data": {"id": 47599171323600, "orderType": "SELL", "price": 5.0, "quantity": 1, "timestamp": 1729101057761}}, {"success": true, "message": "Order processed", "data": {"id": 47599170970400, "orderType": "BUY", "price": 10.0, "quantity": 1, "timestamp": 1729101057761}}, {"success": true, "message": "Order processed", "data": {"id": 47599129390700, "orderType": "SELL", "price": 5.0, "quantity": 1, "timestamp": 1729101057718}}, {"success": true, "message": "Order processed", "data": {"id": 47599180515800, "orderType": "BUY", "price": 10.0, "quantity": 1, "timestamp": 1729101057768}}, {"success": true, "message": "Order processed", "data": {"id": 47599183875500, "orderType": "BUY", "price": 10.0, "quantity": 1, "timestamp": 1729101057773}}, {"success": true, "message": "Order processed", "data": {"id": 47599187676400, "orderType": "BUY", "price": 10.0, "quantity": 1, "timestamp": 1729101057778}}, {"success": true, "message": "Order processed", "data": {"id": 47599176066700, "orderType": "BUY", "price": 10.0, "quantity": 1, "timestamp": 1729101057761}}, {"success": true, "message": "Order processed", "data": {"id": 47599189683700, "orderType": "BUY", "price": 10.0, "quantity": 1, "timestamp": 1729101057778}}, {"success": true, "message": "Order processed", "data": {"id": 47599183893900, "orderType": "SELL", "price": 5.0, "quantity": 1, "timestamp": 1729101057773}}, {"success": true, "message": "Order processed", "data": {"id": 47599154082000, "orderType": "SELL", "price": 5.0, "quantity": 1, "timestamp": 1729101057742}}, {"success": true, "message": "Order processed", "data": {"id": 47599179379400, "orderType": "BUY", "price": 10.0, "quantity": 1, "timestamp": 1729101057768}}, {"success": true, "message": "Order processed", "data": {"id": 47599187676600, "orderType": "SELL", "price": 5.0, "quantity": 1, "timestamp": 1729101057778}}, {"success": true, "message": "Order processed", "data": {"id": 47599147106300, "orderType": "SELL", "price": 5.0, "quantity": 1, "timestamp": 1729101057738}}, {"success": true, "message": "Order processed", "data": {"id": 47599152983100, "orderType": "SELL", "price": 5.0, "quantity": 1, "timestamp": 1729101057742}}, {"success": true, "message": "Order processed", "data": {"id": 47599155417700, "orderType": "BUY", "price": 10.0, "quantity": 1, "timestamp": 1729101057742}}, {"success": true, "message": "Order processed", "data": {"id": 47599154080000, "orderType": "BUY", "price": 10.0, "quantity": 1, "timestamp": 1729101057742}}, {"success": true, "message": "Order processed", "data": {"id": 47599176533100, "orderType": "SELL", "price": 5.0, "quantity": 1, "timestamp": 1729101057768}}, {"success": true, "message": "Order processed", "data": {"id": 47599167068800, "orderType": "BUY", "price": 10.0, "quantity": 1, "timestamp": 1729101057758}}, {"success": true, "message": "Order processed", "data": {"id": 47599142780200, "orderType": "SELL", "price": 5.0, "quantity": 1, "timestamp": 1729101057728}}, {"success": true, "message": "Order processed", "data": {"id": 47599192661900, "orderType": "BUY", "price": 10.0, "quantity": 1, "timestamp": 1729101057778}}, {"success": true, "message": "Order processed", "data": {"id": 47599173671100, "orderType": "BUY", "price": 10.0, "quantity": 1, "timestamp": 1729101057761}}, {"success": true, "message": "Order processed", "data": {"id": 47599159625400, "orderType": "BUY", "price": 10.0, "quantity": 1, "timestamp": 1729101057748}}, {"success": true, "message": "Order processed", "data": {"id": 47599159204700, "orderType": "SELL", "price": 5.0, "quantity": 1, "timestamp": 1729101057748}}, {"success": true, "message": "Order processed", "data": {"id": 47599174000500, "orderType": "SELL", "price": 5.0, "quantity": 1, "timestamp": 1729101057761}}, {"success": true, "message": "Order processed", "data": {"id": 47599148917400, "orderType": "SELL", "price": 5.0, "quantity": 1, "timestamp": 1729101057738}}, {"success": true, "message": "Order processed", "data": {"id": 47599119133500, "orderType": "SELL", "price": 5.0, "quantity": 1, "timestamp": 1729101057708}}, {"success": true, "message": "Order processed", "data": {"id": 47599150956000, "orderType": "BUY", "price": 10.0, "quantity": 1, "timestamp": 1729101057742}}, {"success": true, "message": "Order processed", "data": {"id": 47599186515400, "orderType": "BUY", "price": 10.0, "quantity": 1, "timestamp": 1729101057778}}, {"success": true, "message": "Order processed", "data": {"id": 47599124757300, "orderType": "SELL", "price": 5.0, "quantity": 1, "timestamp": 1729101057711}}, {"success": true, "message": "Order processed", "data": {"id": 47599189683500, "orderType": "SELL", "price": 5.0, "quantity": 1, "timestamp": 1729101057778}}, {"success": true, "message": "Order processed", "data": {"id": 47599194216200, "orderType": "SELL", "price": 5.0, "quantity": 1, "timestamp": 1729101057778}}, {"success": true, "message": "Order processed", "data": {"id": 47599194881000, "orderType": "BUY", "price": 10.0, "quantity": 1, "timestamp": 1729101057778}}, {"success": true, "message": "Order processed", "data": {"id": 47599169165200, "orderType": "SELL", "price": 5.0, "quantity": 1, "timestamp": 1729101057758}}, {"success": true, "message": "Order processed", "data": {"id": 47599189999500, "orderType": "SELL", "price": 5.0, "quantity": 1, "timestamp": 1729101057778}}, {"success": true, "message": "Order processed", "data": {"id": 47599131578300, "orderType": "BUY", "price": 10.0, "quantity": 1, "timestamp": 1729101057718}}, {"success": true, "message": "Order processed", "data": {"id": 47599160740800, "orderType": "BUY", "price": 10.0, "quantity": 1, "timestamp": 1729101057748}}, {"success": true, "message": "Order processed", "data": {"id": 47599164346400, "orderType": "BUY", "price": 10.0, "quantity": 1, "timestamp": 1729101057756}}, {"success": true, "message": "Order processed", "data": {"id": 47599167068800, "orderType": "SELL", "price": 5.0, "quantity": 1, "timestamp": 1729101057758}}, {"success": true, "message": "Order processed", "data": {"id": 47599133841300, "orderType": "SELL", "price": 5.0, "quantity": 1, "timestamp": 1729101057718}}, {"success": true, "message": "Order processed", "data": {"id": 47599179609300, "orderType": "SELL", "price": 5.0, "quantity": 1, "timestamp": 1729101057768}}, {"success": true, "message": "Order processed", "data": {"id": 47599150973400, "orderType": "SELL", "price": 5.0, "quantity": 1, "timestamp": 1729101057742}}, {"success": true, "message": "Order processed", "data": {"id": 47599183875700, "orderType": "SELL", "price": 5.0, "quantity": 1, "timestamp": 1729101057773}}, {"success": true, "message": "Order processed", "data": {"id": 47599115758100, "orderType": "SELL", "price": 5.0, "quantity": 1, "timestamp": 1729101057698}}, {"success": true, "message": "Order processed", "data": {"id": 47599160721300, "orderType": "SELL", "price": 5.0, "quantity": 1, "timestamp": 1729101057748}}, {"success": true, "message": "Order processed", "data": {"id": 47599129429200, "orderType": "BUY", "price": 10.0, "quantity": 1, "timestamp": 1729101057718}}, {"success": true, "message": "Order processed", "data": {"id": 47599292278100, "orderType": "BUY", "price": 10.0, "quantity": 1, "timestamp": 1729101057878}}, {"success": true, "message": "Order processed", "data": {"id": 47599292250900, "orderType": "BUY", "price": 10.0, "quantity": 1, "timestamp": 1729101057878}}, {"success": true, "message": "Order processed", "data": {"id": 47599297141900, "orderType": "BUY", "price": 10.0, "quantity": 1, "timestamp": 1729101057888}}, {"success": true, "message": "Order processed", "data": {"id": 47599283842900, "orderType": "SELL", "price": 5.0, "quantity": 1, "timestamp": 1729101057868}}, {"success": true, "message": "Order processed", "data": {"id": 47599251714500, "orderType": "SELL", "price": 5.0, "quantity": 1, "timestamp": 1729101057838}}, {"success": true, "message": "Order processed", "data": {"id": 47599292587800, "orderType": "BUY", "price": 10.0, "quantity": 1, "timestamp": 1729101057878}}, {"success": true, "message": "Order processed", "data": {"id": 47599292933300, "orderType": "BUY", "price": 10.0, "quantity": 1, "timestamp": 1729101057878}}, {"success": true, "message": "Order processed", "data": {"id": 47599292442900, "orderType": "SELL", "price": 5.0, "quantity": 1, "timestamp": 1729101057878}}, {"success": true, "message": "Order processed", "data": {"id": 47599278483000, "orderType": "SELL", "price": 5.0, "quantity": 1, "timestamp": 1729101057868}}, {"success": true, "message": "Order processed", "data": {"id": 47599292442900, "orderType": "BUY", "price": 10.0, "quantity": 1, "timestamp": 1729101057878}}, {"success": true, "message": "Order processed", "data": {"id": 47599293109500, "orderType": "BUY", "price": 10.0, "quantity": 1, "timestamp": 1729101057878}}, {"success": true, "message": "Order processed", "data": {"id": 47599283843100, "orderType": "SELL", "price": 5.0, "quantity": 1, "timestamp": 1729101057868}}, {"success": true, "message": "Order processed", "data": {"id": 47599274266400, "orderType": "BUY", "price": 10.0, "quantity": 1, "timestamp": 1729101057861}}, {"success": true, "message": "Order processed", "data": {"id": 47599273565500, "orderType": "SELL", "price": 5.0, "quantity": 1, "timestamp": 1729101057861}}, {"success": true, "message": "Order processed", "data": {"id": 47599253691400, "orderType": "SELL", "price": 5.0, "quantity": 1, "timestamp": 1729101057845}}, {"success": true, "message": "Order processed", "data": {"id": 47599295947000, "orderType": "BUY", "price": 10.0, "quantity": 1, "timestamp": 1729101057878}}, {"success": true, "message": "Order processed", "data": {"id": 47599294620300, "orderType": "BUY", "price": 10.0, "quantity": 1, "timestamp": 1729101057878}}, {"success": true, "message": "Order processed", "data": {"id": 47599273240500, "orderType": "BUY", "price": 10.0, "quantity": 1, "timestamp": 1729101057861}}, {"success": true, "message": "Order processed", "data": {"id": 47599292443100, "orderType": "SELL", "price": 5.0, "quantity": 1, "timestamp": 1729101057878}}, {"success": true, "message": "Order processed", "data": {"id": 47599293477700, "orderType": "SELL", "price": 5.0, "quantity": 1, "timestamp": 1729101057878}}, {"success": true, "message": "Order processed", "data": {"id": 47599294137500, "orderType": "SELL", "price": 5.0, "quantity": 1, "timestamp": 1729101057878}}, {"success": true, "message": "Order processed", "data": {"id": 47599294231900, "orderType": "SELL", "price": 5.0, "quantity": 1, "timestamp": 1729101057878}}, {"success": true, "message": "Order processed", "data": {"id": 47599295934400, "orderType": "SELL", "price": 5.0, "quantity": 1, "timestamp": 1729101057878}}, {"success": true, "message": "Order processed", "data": {"id": 47599269748400, "orderType": "BUY", "price": 10.0, "quantity": 1, "timestamp": 1729101057861}}, {"success": true, "message": "Order processed", "data": {"id": 47599294608200, "orderType": "BUY", "price": 10.0, "quantity": 1, "timestamp": 1729101057878}}, {"success": true, "message": "Order processed", "data": {"id": 47599294119100, "orderType": "SELL", "price": 5.0, "quantity": 1, "timestamp": 1729101057878}}, {"success": true, "message": "Order processed", "data": {"id": 47599301011000, "orderType": "BUY", "price": 10.0, "quantity": 1, "timestamp": 1729101057892}}, {"success": true, "message": "Order processed", "data": {"id": 47599303175400, "orderType": "BUY", "price": 10.0, "quantity": 1, "timestamp": 1729101057892}}, {"success": true, "message": "Order processed", "data": {"id": 47599292250900, "orderType": "SELL", "price": 5.0, "quantity": 1, "timestamp": 1729101057878}}, {"success": true, "message": "Order processed", "data": {"id": 47599292616000, "orderType": "SELL", "price": 5.0, "quantity": 1, "timestamp": 1729101057878}}, {"success": true, "message": "Order processed", "data": {"id": 47599293145500, "orderType": "SELL", "price": 5.0, "quantity": 1, "timestamp": 1729101057878}}, {"success": true, "message": "Order processed", "data": {"id": 47599301039900, "orderType": "BUY", "price": 10.0, "quantity": 1, "timestamp": 1729101057892}}, {"success": true, "message": "Order processed", "data": {"id": 47599292776800, "orderType": "SELL", "price": 5.0, "quantity": 1, "timestamp": 1729101057878}}, {"success": true, "message": "Order processed", "data": {"id": 47599300957400, "orderType": "BUY", "price": 10.0, "quantity": 1, "timestamp": 1729101057892}}, {"success": true, "message": "Order processed", "data": {"id": 47599303372900, "orderType": "BUY", "price": 10.0, "quantity": 1, "timestamp": 1729101057892}}, {"success": true, "message": "Order processed", "data": {"id": 47599301965400, "orderType": "BUY", "price": 10.0, "quantity": 1, "timestamp": 1729101057892}}, {"success": true, "message": "Order processed", "data": {"id": 47599301015200, "orderType": "SELL", "price": 5.0, "quantity": 1, "timestamp": 1729101057892}}, {"success": true, "message": "Order processed", "data": {"id": 47599303751700, "orderType": "BUY", "price": 10.0, "quantity": 1, "timestamp": 1729101057892}}, {"success": true, "message": "Order processed", "data": {"id": 47599294636200, "orderType": "SELL", "price": 5.0, "quantity": 1, "timestamp": 1729101057878}}, {"success": true, "message": "Order processed", "data": {"id": 47599297141700, "orderType": "SELL", "price": 5.0, "quantity": 1, "timestamp": 1729101057888}}, {"success": true, "message": "Order processed", "data": {"id": 47599303544200, "orderType": "BUY", "price": 10.0, "quantity": 1, "timestamp": 1729101057892}}, {"success": true, "message": "Order processed", "data": {"id": 47599305956500, "orderType": "BUY", "price": 10.0, "quantity": 1, "timestamp": 1729101057892}}, {"success": true, "message": "Order processed", "data": {"id": 47599297142800, "orderType": "SELL", "price": 5.0, "quantity": 1, "timestamp": 1729101057888}}, {"success": true, "message": "Order processed", "data": {"id": 47599297257400, "orderType": "SELL", "price": 5.0, "quantity": 1, "timestamp": 1729101057888}}, {"success": true, "message": "Order processed", "data": {"id": 47599306062400, "orderType": "BUY", "price": 10.0, "quantity": 1, "timestamp": 1729101057892}}, {"success": true, "message": "Order processed", "data": {"id": 47599303174600, "orderType": "BUY", "price": 10.0, "quantity": 1, "timestamp": 1729101057892}}, {"success": true, "message": "Order processed", "data": {"id": 47599303204100, "orderType": "SELL", "price": 5.0, "quantity": 1, "timestamp": 1729101057892}}, {"success": true, "message": "Order processed", "data": {"id": 47599303176200, "orderType": "BUY", "price": 10.0, "quantity": 1, "timestamp": 1729101057892}}, {"success": true, "message": "Order processed", "data": {"id": 47599303267700, "orderType": "SELL", "price": 5.0, "quantity": 1, "timestamp": 1729101057892}}, {"success": true, "message": "Order processed", "data": {"id": 47599304105400, "orderType": "BUY", "price": 10.0, "quantity": 1, "timestamp": 1729101057892}}, {"success": true, "message": "Order processed", "data": {"id": 47599303231100, "orderType": "SELL", "price": 5.0, "quantity": 1, "timestamp": 1729101057892}}, {"success": true, "message": "Order processed", "data": {"id": 47599305483900, "orderType": "BUY", "price": 10.0, "quantity": 1, "timestamp": 1729101057892}}, {"success": true, "message": "Order processed", "data": {"id": 47599305484200, "orderType": "BUY", "price": 10.0, "quantity": 1, "timestamp": 1729101057892}}, {"success": true, "message": "Order processed", "data": {"id": 47599303174800, "orderType": "SELL", "price": 5.0, "quantity": 1, "timestamp": 1729101057892}}, {"success": true, "message": "Order processed", "data": {"id": 47599303207700, "orderType": "SELL", "price": 5.0, "quantity": 1, "timestamp": 1729101057892}}, {"success": true, "message": "Order processed", "data": {"id": 47599305956200, "orderType": "BUY", "price": 10.0, "quantity": 1, "timestamp": 1729101057892}}, {"success": true, "message": "Order processed", "data": {"id": 47599306199200, "orderType": "BUY", "price": 10.0, "quantity": 1, "timestamp": 1729101057898}}, {"success": true, "message": "Order processed", "data": {"id": 47599306412400, "orderType": "BUY", "price": 10.0, "quantity": 1, "timestamp": 1729101057898}}, {"success": true, "message": "Order processed", "data": {"id": 47599305484200, "orderType": "SELL", "price": 5.0, "quantity": 1, "timestamp": 1729101057892}}, {"success": true, "message": "Order processed", "data": {"id": 47599306046000, "orderType": "BUY", "price": 10.0, "quantity": 1, "timestamp": 1729101057892}}, {"success": true, "message": "Order processed", "data": {"id": 47599305956400, "orderType": "SELL", "price": 5.0, "quantity": 1, "timestamp": 1729101057892}}, {"success": true, "message": "Order processed", "data": {"id": 47599309709800, "orderType": "BUY", "price": 10.0, "quantity": 1, "timestamp": 1729101057898}}, {"success": true, "message": "Order processed", "data": {"id": 47599309890600, "orderType": "BUY", "price": 10.0, "quantity": 1, "timestamp": 1729101057898}}, {"success": true, "message": "Order processed", "data": {"id": 47599306307500, "orderType": "SELL", "price": 5.0, "quantity": 1, "timestamp": 1729101057898}}, {"success": true, "message": "Order processed", "data": {"id": 47599307879300, "orderType": "SELL", "price": 5.0, "quantity": 1, "timestamp": 1729101057898}}, {"success": true, "message": "Order processed", "data": {"id": 47599305484200, "orderType": "SELL", "price": 5.0, "quantity": 1, "timestamp": 1729101057892}}, {"success": true, "message": "Order processed", "data": {"id": 47599311253700, "orderType": "BUY", "price": 10.0, "quantity": 1, "timestamp": 1729101057898}}, {"success": true, "message": "Order processed", "data": {"id": 47599309262900, "orderType": "SELL", "price": 5.0, "quantity": 1, "timestamp": 1729101057898}}, {"success": true, "message": "Order processed", "data": {"id": 47599311170300, "orderType": "BUY", "price": 10.0, "quantity": 1, "timestamp": 1729101057898}}, {"success": true, "message": "Order processed", "data": {"id": 47599313126600, "orderType": "BUY", "price": 10.0, "quantity": 1, "timestamp": 1729101057898}}, {"success": true, "message": "Order processed", "data": {"id": 47599311170300, "orderType": "SELL", "price": 5.0, "quantity": 1, "timestamp": 1729101057898}}, {"success": true, "message": "Order processed", "data": {"id": 47599311170200, "orderType": "SELL", "price": 5.0, "quantity": 1, "timestamp": 1729101057898}}, {"success": true, "message": "Order processed", "data": {"id": 47599315228300, "orderType": "BUY", "price": 10.0, "quantity": 1, "timestamp": 1729101057898}}, {"success": true, "message": "Order processed", "data": {"id": 47599311182100, "orderType": "BUY", "price": 10.0, "quantity": 1, "timestamp": 1729101057898}}, {"success": true, "message": "Order processed", "data": {"id": 47599311327400, "orderType": "SELL", "price": 5.0, "quantity": 1, "timestamp": 1729101057898}}, {"success": true, "message": "Order processed", "data": {"id": 47599315258600, "orderType": "BUY", "price": 10.0, "quantity": 1, "timestamp": 1729101057898}}, {"success": true, "message": "Order processed", "data": {"id": 47599309262800, "orderType": "SELL", "price": 5.0, "quantity": 1, "timestamp": 1729101057898}}, {"success": true, "message": "Order processed", "data": {"id": 47599314005400, "orderType": "SELL", "price": 5.0, "quantity": 1, "timestamp": 1729101057898}}, {"success": true, "message": "Order processed", "data": {"id": 47599315644400, "orderType": "BUY", "price": 10.0, "quantity": 1, "timestamp": 1729101057898}}, {"success": true, "message": "Order processed", "data": {"id": 47599316091100, "orderType": "BUY", "price": 10.0, "quantity": 1, "timestamp": 1729101057898}}, {"success": true, "message": "Order processed", "data": {"id": 47599315644400, "orderType": "SELL", "price": 5.0, "quantity": 1, "timestamp": 1729101057898}}, {"success": true, "message": "Order processed", "data": {"id": 47599318244600, "orderType": "BUY", "price": 10.0, "quantity": 1, "timestamp": 1729101057908}}, {"success": true, "message": "Order processed", "data": {"id": 47599316070300, "orderType": "BUY", "price": 10.0, "quantity": 1, "timestamp": 1729101057898}}, {"success": true, "message": "Order processed", "data": {"id": 47599315227800, "orderType": "SELL", "price": 5.0, "quantity": 1, "timestamp": 1729101057898}}, {"success": true, "message": "Order processed", "data": {"id": 47599318552700, "orderType": "BUY", "price": 10.0, "quantity": 1, "timestamp": 1729101057908}}, {"success": true, "message": "Order processed", "data": {"id": 47599318897900, "orderType": "BUY", "price": 10.0, "quantity": 1, "timestamp": 1729101057908}}, {"success": true, "message": "Order processed", "data": {"id": 47599315228300, "orderType": "SELL", "price": 5.0, "quantity": 1, "timestamp": 1729101057898}}, {"success": true, "message": "Order processed", "data": {"id": 47599315713900, "orderType": "SELL", "price": 5.0, "quantity": 1, "timestamp": 1729101057898}}, {"success": true, "message": "Order processed", "data": {"id": 47599315675200, "orderType": "SELL", "price": 5.0, "quantity": 1, "timestamp": 1729101057898}}, {"success": true, "message": "Order processed", "data": {"id": 47599317474800, "orderType": "SELL", "price": 5.0, "quantity": 1, "timestamp": 1729101057908}}, {"success": true, "message": "Order processed", "data": {"id": 47599318946700, "orderType": "BUY", "price": 10.0, "quantity": 1, "timestamp": 1729101057908}}, {"success": true, "message": "Order processed", "data": {"id": 47599320383100, "orderType": "BUY", "price": 10.0, "quantity": 1, "timestamp": 1729101057908}}, {"success": true, "message": "Order processed", "data": {"id": 47599317494500, "orderType": "SELL", "price": 5.0, "quantity": 1, "timestamp": 1729101057908}}, {"success": true, "message": "Order processed", "data": {"id": 47599320383800, "orderType": "BUY", "price": 10.0, "quantity": 1, "timestamp": 1729101057908}}, {"success": true, "message": "Order processed", "data": {"id": 47599318551900, "orderType": "SELL", "price": 5.0, "quantity": 1, "timestamp": 1729101057908}}, {"success": true, "message": "Order processed", "data": {"id": 47599320537800, "orderType": "BUY", "price": 10.0, "quantity": 1, "timestamp": 1729101057908}}, {"success": true, "message": "Order processed", "data": {"id": 47599319417700, "orderType": "SELL", "price": 5.0, "quantity": 1, "timestamp": 1729101057908}}, {"success": true, "message": "Order processed", "data": {"id": 47599320019600, "orderType": "SELL", "price": 5.0, "quantity": 1, "timestamp": 1729101057908}}, {"success": true, "message": "Order processed", "data": {"id": 47599320840800, "orderType": "SELL", "price": 5.0, "quantity": 1, "timestamp": 1729101057908}}, {"success": true, "message": "Order processed", "data": {"id": 47599320668500, "orderType": "SELL", "price": 5.0, "quantity": 1, "timestamp": 1729101057908}}]